@article{kohler19,
  title={ Analysis of the rate of convergence of neural network regression estimates which are easy to implement. },
  author={Braun, A. and Kohler, M. and Krzyzak, A.},
  year={2019},
}
@BOOK{forster2016,
	AUTHOR = {Forster, O.},
	YEAR = {2016},
	TITLE = {Analysis 1 - Differential- und Integralrechnung einer Veränderlichen},
	PUBLISHER = {Springer},
	edition = {12.},
	ADDRESS = {Berlin},
}

@book{gyoerfi2002,
  author = {Györfi, L. and Kohler, M. and Krzyzak, A. and Walk, H.},
  publisher = {Springer},
  ADDRESS = {Berlin},
  series = {Springer series in statistics},
  title = {A Distribution-Free Theory of Nonparametric Regression.},
  edition = {1.},
  year = {2002}
}

@BOOK{Koenigsberger2013,
	AUTHOR = {Königsberger, K.},
	YEAR = {2004},
	TITLE = {Analysis 2},
	PUBLISHER = {Springer},
	edition = {5.},
	ADDRESS = {Berlin},
}

@BOOK{DevLug96,
	AUTHOR = {Devroye, L. and Györfi, L. and Lugosi, G.},
	YEAR = {1996},
	TITLE = {A Probabilistic Theory of Pattern Recognition},
	PUBLISHER = {Springer},
	edition ={1.},
	ADDRESS = {New York},
}

@article{DevWag80,
	AUTHOR = {Devroye, L. and Wagner, T.J.},
	YEAR = {1980},
	TITLE = {Distribution-free consistency results in non- parametric discrimination and regression function estimation},
	journal = "Annals of Statistic",
	volume = "8",
	pages = "231--239"
}

@book{bosch2009algebra,
  title={Algebra},
  author={Bosch, S.},
  series={Springer-Lehrbuch},
  year={2013},
  edition ={8.},
  PUBLISHER = {Springer},
ADDRESS = {Berlin},
}

@Book{Kress1998,
  author =       {Kress, R.},
  title =        {Numerical analysis},
    year={1998},
  publisher =    {Springer},
  edition = {1.},
  ADDRESS = {Berlin},
}

@Book{Topologie2015,
  author =       {Bartsch, R.},
  title =        {Allgemeine Topologie},
    year={2015},
    edition={2.},
  publisher =    {De Gruyter},
  ADDRESS = {Berlin},
}

@book{van1995python, 
  title={Python tutorial}, 
  author={Van Rossum, G. and Drake Jr, F. L.}, 
  year={1995}, 
  publisher={Centrum voor Wiskunde en Informatica Amsterdam, The Netherlands} 
}

@misc{chollet2015keras,
  title={Keras},
  author={Chollet, F. and others},
  year={2015},
  howpublished={\url{https://keras.io}},
}
@BOOK{Klenke2013,
	AUTHOR = {Klenke, A.},
	YEAR = {2013},
	TITLE = {Wahrscheinlichkeitstheorie},
	PUBLISHER = {Springer},
	ADDRESS = {Berlin},
}
